@misc{misc_abalone_1,
  author = {Nash, Warwick and Sellers, Tracy and Talbot, Simon and Cawthorn, Andrew and Ford, Wes},
  title        = {{Abalone}},
  year         = {1995},
  howpublished = {UCI Machine Learning Repository},
  note         = {{DOI}: https://doi.org/10.24432/C55C7W}
}